%! Author = luciano
%! Date = 24/01/2020

@book{LW04,
author = "Larry Wasserman",
title = "All of Statistics",
publisher = "Springer Science+Business Media",
year = "2004"}

@book{AL09,
author = "Thomas H. Cormen and Charles E. Leiserson and Ronald L. Rivest and Clifford Stein",
title = "Algorithms",
publisher = "MIT Press",
year = "2009"}